@book{cover2006elements,
author = {Cover, T M and Thomas, J A},
isbn = {9781118585771},
publisher = {Wiley},
title = {{Elements of Information Theory}},
year = {2006}
}


@book{Boyd2004Convex,
annote = {From Duplicate 2 ( },
author = {Boyd, Stephen and Vandenberghe, Lieven},
isbn = {9780521833783},
publisher = {Cambridge University Press},
title = {{Convex Optimization}},
year = {2004}
}

@book{Durrett2012Essentials,
author = {Durrett, Richard Timothy},
edition = {2},
isbn = {9781461436140},
series = {Springer Texts in Statistics},
title = {{Essentials of Stochastic Processes}},
year = {2012}
}

@inproceedings{diyanat1389,
author = {مهاجري،جواد and باباحيدريان،پریسا and دیانت،ابوالفضل},
booktitle = {شانزدهمين کنفرانس ملي سالانه انجمن کامپيوتر ايران},
language = {Persian},
title = {طرح جديد مديريت کليد آستانه اي در شبکه هاي سيار اقتضايي},
year = {1389}
}


@article{Yang2010Modeling,
author = {Yang, Jaewon and Leskovec, Jure},
doi = {10.1109/ICDM.2010.22},
isbn = {978-1-4244-9131-5},
journal = {IEEE International Conference on Data Mining},
month = dec,
pages = {599--608},
publisher = {Ieee},
title = {{Modeling Information Diffusion in Implicit Networks}},
year = {2010}
}

@article{Beran1995Long,
author = {Beran, J. and Sherman, R. and Taqqu, M.S. and Willinger, W.},
doi = {10.1109/26.380206},
issn = {00906778},
journal = {IEEE Transactions on Communications},
number = {2},
pages = {1566--1579},
title = {{Long-range dependence in variable-bit-rate video traffic}},
volume = {43},
year = {1995}
}

