@book{Kesidis2007Introduction,
address = {Hoboken, NJ, USA},
author = {Kesidis, George},
doi = {10.1002/9780470168684},
isbn = {9780470168684},
month = jun,
publisher = {John Wiley \& Sons, Inc.},
title = {{An Introduction to Communication Network Analysis}},
year = {2007}
}

@book{cover2006elements,
author = {Cover, T M and Thomas, J A},
isbn = {9781118585771},
publisher = {Wiley},
title = {{Elements of Information Theory}},
year = {2006}
}

@book{baccelli2003elements,
author = {Baccelli, F and Bremaud, P},
isbn = {9783540660880},
publisher = {Springer},
series = {Applications of mathematics : stochastic modelling and applied probability},
title = {{Elements of Queueing Theory: Palm Martingale Calculus and Stochastic Recurrences}},
url = {http://books.google.com/books?id=REcVXcy2sb0C},
year = {2003}
}

@book{Nelson1995Probability,
address = {New York},
author = {Nelson, Randolph},
isbn = {9780387944524},
month = jun,
pages = {620},
publisher = {Springer},
shorttitle = {Probability, Stochastic Processes, and Queueing Th},
title = {{Probability, Stochastic Processes, and Queueing Theory: The Mathematics of Computer Performance Modeling}},
year = {1995}
}

@book{HarcholBalter2013Performance,
author = {Harchol-Balter, Mor},
isbn = {9781107027503},
month = feb,
pages = {574},
publisher = {Cambridge University Press},
shorttitle = {Performance Modeling and Design of Computer System},
title = {{Performance Modeling and Design of Computer Systems: Queueing Theory in Action}},
year = {2013}
}

@article{Datta2011adversary,
author = {Datta, Anupam and Franklin, Jason and Garg, Deepak and Jia, Limin and Kaynar, Dilsun},
doi = {10.1109/MSP.2010.203},
issn = {15407993},
journal = {IEEE Security and Privacy},
number = {3},
pages = {26--32},
title = {{On adversary models and compositional security}},
volume = {9},
year = {2011}
}

@book{van2011encyclopedia,
author = {van Tilborg, H C A and Jajodia, S},
isbn = {9781441959065},
publisher = {Springer},
series = {Encyclopedia of Cryptography and Security},
title = {{Encyclopedia of Cryptography and Security}},
year = {2011}
}

@book{stidham2009optimal,
author = {Stidham, S},
isbn = {9781420010008},
publisher = {Taylor \& Francis},
title = {{Optimal Design of Queueing Systems}},
year = {2009}
}

@article{Welch1964Pre,
annote = {From Duplicate 1 ( },
author = {Welch, Peter D.},
journal = {The Annals of Mathematical Statistics},
number = {2},
pages = {600--612},
title = {{On Pre-Emptive Resume Priority Queues}},
volume = {35},
year = {1964}
}

@book{Ross2009Introduction,
author = {Ross, Sheldon M.},
edition = {9},
pages = {782},
publisher = {Academic Press},
title = {{Introduction to probability models}},
year = {2009}
}

@book{graham2000concrete,
author = {Graham, R L and Knuth, D E and Patashnik, O},
isbn = {9789814053327},
publisher = {Pearson Education Asia},
title = {{Concrete Mathematics: A Foundation for Computer Science}},
year = {2000}
}

@book{lange2010numerical,
author = {Lange, K},
isbn = {9781441959447},
publisher = {Springer},
series = {Statistics and Computing},
title = {{Numerical Analysis for Statisticians}},
year = {2010}
}

@book{Kobayashi2011Probability,
author = {Kobayashi, Hisashi and Mark, BL},
isbn = {9780521895446},
publisher = {Cambridge University Press},
title = {{Probability, Random Processes, and Statistical Analysis: Applications to Communications, Signal Processing, Queueing Theory and Mathematical Finance}},
year = {2011}
}

@book{kleinrock1975queueing,
author = {Kleinrock, L},
isbn = {9780471491118},
number = {v. 2},
publisher = {Wiley},
series = {Queueing Systems},
title = {{Queueing systems, Volume 2}},
year = {1975}
}


@inproceedings{Borst2010Distributed,
author = {Borst, Sem and Gupta, Varun and Walid, Anwar},
booktitle = {Proceedings - IEEE INFOCOM},
title = {{Distributed caching algorithms for content distribution networks}},
year = {2010}
}

@inproceedings{MaddahAli2012Fundamental,
author = {Maddah-Ali, Mohammad Ali and Niesen, Urs},
booktitle={IEEE International Symposium on Information Theory Proceedings (ISIT)}, 
pages={1077-1081},
title = {{Fundamental Limits of Caching}},
year = {2013}
}

@article{Niesen2014Coded,
author = {Niesen, Urs and Maddah-Ali, Mohammad Ali},
journal={arXiv preprint arXiv:1407.4489},
title = {{Coded Caching for Delay-Sensitive Content}},
year = {2014}
}

@INPROCEEDINGS{Sengupta2014Decentralized, 
author={Sengupta, A. and Tandon, R. and Clancy, T.C.}, 
booktitle={Information Theory (ISIT), IEEE International Symposium on}, 
title={Decentralized caching with secure delivery}, 
year={2014}, 
month={June}, 
pages={41-45}
}

@INPROCEEDINGS{Sengupta2014Fundamental, 
author={Sengupta, A. and Tandon, R. and Clancy, T.C.}, 
booktitle={Communications Workshops (ICC), IEEE International Conference on}, 
title={Fundamental limits of caching with secure delivery}, 
year={2014}, 
month={June}, 
pages={771-776}
}

@book{Kurose2012Computer,
author = {Kurose, James F. and Ross, Keith W.},
edition = {6},
isbn = {9780132856201},
publisher = {Pearson Education},
title = {{Computer Networking: A Top-down Approach}},
year = {2012}
}

@article{Feder1994Relations,
author = {Feder, Meir and Merhav, Neri},
journal = {IEEE Transactions on Information Theory,},
number = {1},
pages = {259--266},
title = {{Relations between entropy and error probability}},
volume = {40},
year = {1994}
}

@article{Hu2012Analytical,
author = {Hu, Bao-Gang and Xing, Hong-Jie},
journal   = {CoRR},
volume    = {abs/1205.6602},
title = {{Analytical Bounds between Entropy and Error Probability in Binary Classifications}},
year = {2012}
}

@book{branke2008multiobjective,
  title={Multiobjective Optimization: Interactive and Evolutionary Approaches},
  author={Branke, J. and Deb, K. and Miettinen, K. and Slowinski, R.},
  isbn={9783540889076},
  lccn={2008937576},
  series={Genetic algorithms and evolutionary computation},
  year={2008},
  publisher={Springer}
}

@book{khuri2003advanced,
author = {Khuri, A I},
publisher = {Wiley},
series = {Wiley Series in Probability and Statistics},
title = {{Advanced Calculus with Applications in Statistics}},
year = {2003}
}

 @book{ash2012information,
author = {Ash, R B},
isbn = {9780486141459},
publisher = {Dover Publications},
series = {Dover Books on Mathematics},
title = {{Information Theory}},
year = {1999}
}

@book{Caramia2008Multiobjective,
author = {Caramia, Massimiliano and Dell'Olmo, Paolo},
publisher = {Springer Science \& Business Media},
title = {{Multi-objective Management in Freight Logistics: Increasing Capacity, Service Level and Safety with Optimization Algorithms}},
year = {2008}
}


@book{marinescu2011classical,
author = {Marinescu, D C},
publisher = {Elsevier Science},
title = {{Classical and Quantum Information}},
year = {2011}
}

@article{Byrd2006Knitro,
author = {Byrd, Richard H and Nocedal, Jorge and Waltz, Richard A},
doi = {10.1007/0-387-30065-1_4},
isbn = {978-0-387-30065-8},
journal = {Energy},
pages = {1--25},
title = {{Knitro : An Integrated Package for Nonlinear Optimization}},
volume = {83},
year = {2006}
}

@article{Han1994Generalizing,
author = {Han, Te Sun and verd\'u, Sergio},
doi = {10.1109/18.335943},
issn = {00189448},
journal = {IEEE Transactions on Information Theory},
number = {4},
pages = {1247--1251},
title = {{Generalizing the Fano inequality}},
volume = {40},
year = {1994}
}

@article{Poor1995lower,
author = {Poor, HV and verd\'u, S},
doi = {10.1109/18.476322},
issn = {15579654},
journal = {Information Theory, IEEE Transactions on},
number = {6},
pages = {1992--1994},
title = {{A lower bound on the probability of error in multihypothesis testing}},
year = {1995}
}

@inproceedings{Christiansen2013Bounds,
author = {Calmon, Flavio P. and Varia, Mayank and Medard, Muriel and Christiansen, Mark M. and Duffy, Ken R. and Tessaro, Stefano},
booktitle = {51st Annual Allerton Conference on Communication, Control, and Computing (Allerton)},
doi = {10.1109/Allerton.2013.6736575},
isbn = {978-1-4799-3410-2},
pages = {567--574},
title = {{Bounds on inference}},
year = {2013}
}

@book{Stewart2013Network,
author = {Stewart, J. Michael},
isbn = {9781284031683},
month = {jul},
pages = {503},
publisher = {Jones {\&} Bartlett Publishers},
title = {{Network Security, Firewalls and VPNs}},
year = {2013}
}

@article{Shannon1949Communication,
author = {Shannon, Claud},
issn = {0724-6811},
journal = {Bell System Technical Journal},
number = {4},
pages = {656--715},
title = {{Communication theory of secrecy system}},
volume = {28},
year = {1949}
}

@book{menezes1996handbook,
  title={Handbook of Applied Cryptography},
  author={Menezes, A.J. and van Oorschot, P.C. and Vanstone, S.A.},
  isbn={9781439821916},
  lccn={96027609},
  series={Discrete Mathematics and Its Applications},
  year={1996},
  publisher={CRC Press}
}


@incollection{Valenti2013Reviewing,
author = {Valenti, Silvio and Rossi, Dario and Dainotti, Alberto and Pescap{\`{e}}, Antonio and Finamore, Alessandro and Mellia, Marco},
booktitle = {Data Traffic Monitoring and Analysis SE - 6},
doi = {10.1007/978-3-642-36784-7_6},
editor = {Biersack, Ernst and Callegari, Christian and Matijasevic, Maja},
isbn = {978-3-642-36783-0},
language = {English},
pages = {123--147},
publisher = {Springer Berlin Heidelberg},
series = {Lecture Notes in Computer Science},
title = {{Reviewing Traffic Classification}},
volume = {7754},
year = {2013}
}

@article{AbuHmed2008Survey,
archivePrefix = {arXiv},
arxivId = {arXiv:0803.0037v1},
author = {Abuhmed, Tamer and Mohaisen, Abedelaziz and Nyang, DaeHun},
journal = {Magazine of Korea Telecommunication Society},
number = {11},
pages = {25--36},
title = {{A Survey on Deep Packet Inspection for Intrusion Detection Systems}},
volume = {24},
year = {2008}
}

@inproceedings{CarelaEspanol2010dimensional,
address = {Berlin, Heidelberg},
author = {Carela-Espa??ol, Valent??n and Barlet-Ros, Pere and Sol??-Sim??, Marc and Dainotti, Alberto and {De Donato}, Walter and Pescap??, Antonio},
booktitle = {Lecture Notes in Computer Science (including subseries Lecture Notes in Artificial Intelligence and Lecture Notes in Bioinformatics)},
doi = {10.1007/978-3-642-12365-8_11},
isbn = {3642123643},
issn = {03029743},
pages = {141--154},
publisher = {Springer-Verlag},
series = {TMA'10},
title = {{K-dimensional trees for continuous traffic classification}},
volume = {6003 LNCS},
year = {2010}
}

@article{Williams2006preliminary,
author = {Williams, Nigel and Zander, Sebastian and Armitage, Grenville},
doi = {10.1145/1163593.1163596},
issn = {01464833},
journal = {ACM SIGCOMM Computer Communication Review},
month = {oct},
number = {5},
pages = {5--16},
title = {{A preliminary performance comparison of five machine learning algorithms for practical IP traffic flow classification}},
volume = {36},
year = {2006}
}

@inproceedings{Wang2013Network,
author = {Wang, Yu and Xiang, Yang and Zhang, Jun},
booktitle = {IEEE International Conference on Communications (ICC)},
doi = {10.1109/ICC.2013.6654829},
isbn = {978-1-4673-3122-7},
month = {jun},
number = {60970146},
pages = {2058--2062},
title = {{Network traffic clustering using Random Forest proximities}},
year = {2013}
}

@article{Adami2012Skype,
author = {Adami, Davide and Callegari, Christian and Giordano, Stefano and Pagano, Michele and Pepe, Teresa},
doi = {10.1002/dac.1247},
issn = {10745351},
journal = {International Journal of Communication Systems},
month = {mar},
number = {3},
pages = {386--403},
title = {{Skype-Hunter: A real-time system for the detection and classification of Skype traffic}},
volume = {25},
year = {2012}
}

@inproceedings{SantiagodelRio2011processing,
author = {{Santiago del Rio}, P.M. and Ramos, J and Garcia-Dorado, J.L. and Aracil, J and Cuadra-Sanchez, A. and Cutanda-Rodriguez, M.},
booktitle = {7th International Wireless Communications and Mobile Computing Conference},
doi = {10.1109/IWCMC.2011.5982805},
isbn = {978-1-4244-9539-9},
month = {jul},
pages = {1784--1788},
title = {{On the processing time for detection of Skype traffic}},
year = {2011}
}

@inproceedings{Freire2008Detecting,
author = {Freire, Emanuel P and Ziviani, Artur and Salles, Ronaldo M},
booktitle = {NOMS - IEEE Network Operations and Management Symposium},
doi = {10.1109/NOMS.2008.4575121},
isbn = {978-1-4244-2065-0},
pages = {89--96},
title = {{Detecting Skype flows in Web traffic}},
year = {2008}
}

@inproceedings{bonfiglio2007revealing,
author = {Glio, D Bon and Mellia, M and Meo, M and Rossi, D and Tofanelli, P},
booktitle = {in SIGCOMM '07: Proceedings of the 2007 conference on Applications, technologies, architectures, and protocols for computer communications. New York, NY, USA: ACM, August},
isbn = {9781595937131},
number = {4},
organization = {ACM},
pages = {37--48},
title = {{Revealing Skype traf c: when randomness plays with you}},
volume = {37},
year = {2007}
}

@article{Kamat2009TPW,
address = {New York, NY, USA},
author = {Kamat, Pandurang and Xu, Wenyuan and Trappe, Wade and Zhang, Yanyong},
doi = {10.1145/1614379.1614380},
issn = {1550-4859},
journal = {ACM Trans. Sen. Netw.},
month = {nov},
number = {4},
pages = {28:1----28:24},
publisher = {ACM},
title = {{Temporal Privacy in Wireless Sensor Networks: Theory and Practice}},
volume = {5},
year = {2009}
}

@inproceedings{Ozturk2004Source,
address = {New York, New York, USA},
author = {Ozturk, Celal and Zhang, Yanyong and Trappe, Wade},
booktitle = {Proceedings of the 2nd ACM workshop on Security of ad hoc and sensor networks - SASN '04},
doi = {10.1145/1029102.1029117},
isbn = {1581139721},
pages = {88--93},
publisher = {ACM Press},
series = {SASN '04},
title = {{Source-location privacy in energy-constrained sensor network routing}},
year = {2004}
}

@incollection{salem2008survey,
author = {Salem, MB Malek B. and Hershkop, Shlomo and Stolfo, Salvatore J SJ},
booktitle = {Advances in Information Security},
doi = {10.1007/978-0-387-77322-3_5},
isbn = {978-0-387-77321-6},
pages = {pp 69--90},
publisher = {Springer},
title = {{A Survey of Insider Attack Detection Research}},
year = {2008}
}

@article{Muehlstein2016Analyzing,
  author    = {Jonathan Muehlstein and
               Yehonatan Zion and
               Maor Bahumi and
               Itay Kirshenboim and
               Ran Dubin and
               Amit Dvir and
               Ofir Pele},
  title     = {Analyzing {HTTPS} Encrypted Traffic to Identify User Operating System,
               Browser and Application},
  journal   = {CoRR},
  volume    = {abs/1603.04865},
  year      = {2016}
}

@article{Crotti2007Traffic,
author = {Crotti, Manuel and Dusi, Maurizio and Gringoli, Francesco and Salgarelli, Luca},
doi = {10.1145/1198255.1198257},
issn = {01464833},
journal = {ACM SIGCOMM Computer Communication Review},
month = {jan},
number = {1},
title = {{Traffic classification through simple statistical fingerprinting}},
volume = {37},
year = {2007}
}

@article{conti2013Providing,
author = {Conti, Mauro and Willemsen, Jeroen and Crispo, Bruno},
doi = {10.1109/SURV.2013.011413.00118},
issn = {1553-877X},
journal = {IEEE Communications Surveys {\&} Tutorials},
number = {3},
pages = {1238--1280},
title = {{Providing Source Location Privacy in Wireless Sensor Networks: A Survey}},
volume = {15},
year = {2013}
}

@article{ullah2012comprehensive,
  title={A comprehensive survey of wireless body area networks},
  author={Ullah, Sana and Higgins, Henry and Braem, Bart and Latre, Benoit and Blondia, Chris and Moerman, Ingrid and Saleem, Shahnaz and Rahman, Ziaur and Kwak, Kyung Sup},
  journal={Journal of medical systems},
  volume={36},
  number={3},
  pages={1065--1094},
  year={2012},
  publisher={Springer}
}

@article{Diyanat2016Dummy,
author = {Diyanat, Abolfazl and Khonsari, Ahmad and Shariatpanahi, Seyed Pooya},
doi = {10.1109/TIFS.2016.2515050},
issn = {1556-6013},
journal = {IEEE Transactions on Information Forensics and Security},
month = {jun},
number = {6},
pages = {1321--1332},
title = {{A Dummy-Based Approach for Preserving Source Rate Privacy}},
volume = {11},
year = {2016}
}

@article{rezaeitabar2016perfect,
author = {RezaeiTabar, Amir Hossein and Diyanat, Abolfazl and Khonsari, Ahmad},
doi = {10.1109/LCOMM.2016.2558182},
issn = {1089-7798},
journal = {IEEE Communications Letters},
pages = {1--4},
publisher = {IEEE},
title = {{On the Perfect Privacy: a Statistical Analysis of Network Traffic Approach}},
year = {2016}
}

@article{Diyanat2016Information,
author = {Diyanat, Abolfazl and Khonsari, Ahmad and Shariatpanahi, Seyed Pooya},
journal = {Submitted in IEEE Transactions on Information Forensics and Security},
title = {{An Information Theoretic Approach to Evaluate and Preserve Privacy in a Network Caching System}},
year = {2016}
}

@inproceedings{Kamat2007Temporal,
author = {Kamat, Pandurang and Xu, Wenyuan and Trappe, W and Zhang, Y},
booktitle = {Distributed Computing Systems, ICDCS '07. 27th International Conference on},
doi = {10.1109/ICDCS.2007.146},
issn = {1063-6927},
title = {{Temporal Privacy in Wireless Sensor Networks}},
year = {2007}
}

@inproceedings{Wright2008SMY,
address = {Washington, DC, USA},
author = {Wright, Charles V. and Ballard, Lucas and Coull, Scott E. and Monrose, Fabian and Masson, Gerald M.},
booktitle = {Proceedings of the 2008 IEEE Symposium on Security and Privacy},
doi = {10.1109/SP.2008.21},
isbn = {978-0-7695-3168-7},
issn = {1081-6011},
month = {may},
pages = {35--49},
publisher = {IEEE Computer Society},
series = {SP '08},
title = {{Spot Me if You Can: Uncovering Spoken Phrases in Encrypted VoIP Conversations}},
year = {2008}
}

@article{Mathur2011TRAPS,
author = {Mathur, S and Trappe, W},
doi = {10.1109/TIFS.2011.2138696},
issn = {1556-6013},
journal = {Information Forensics and Security, IEEE Transactions on},
number = {3},
pages = {752--762},
title = {{BIT-TRAPS: Building Information-Theoretic Traffic Privacy Into Packet Streams}},
volume = {6},
year = {2011}
}

@inproceedings{Srimongkoipitak2012source,
author = {Srimongkoipitak, Uthaiwan and Yang, Yi},
booktitle = {Collaborative Computing: Networking, Applications and Worksharing (CollaborateCom), 8th International Conference on},
isbn = {9781936968367},
pages = {500--507},
title = {{Sensor source location privacy based on random perturbations}},
year = {2012}
}

@article{Finamore2010Stochastic,
author = {Finamore, Alessandro and Mellia, Marco and Meo, Michela and Rossi, Dario},
doi = {10.1109/TNET.2010.2044046},
issn = {1063-6692},
journal = {IEEE/ACM Transactions on Networking},
month = {oct},
number = {5},
pages = {1505--1515},
title = {{KISS: Stochastic Packet Inspection Classifier for UDP Traffic}},
volume = {18},
year = {2010}
}

@misc{Khakpour2009High,
author = {Khakpour, A R and Liu, A X},
booktitle = {Distributed Computing Systems, 2009. ICDCS '09. 29th IEEE International Conference on},
doi = {10.1109/ICDCS.2009.34},
isbn = {1063-6927 VO -},
pages = {510--517},
title = {{High-Speed Flow Nature Identification}},
year = {2009}
}

@inproceedings{Gomes2008Analysis,
author = {Gomes, Joao V. P. and Inacio, Pedro R. M. and Freire, Mario M. and Pereira, Manuela and Monteiro, Paulo P},
booktitle = {IEEE International Performance, Computing and Communications Conference},
doi = {10.1109/PCCC.2008.4745138},
isbn = {978-1-4244-3368-1},
month = {dec},
pages = {201--208},
title = {{Analysis of Peer-to-Peer Traffic Using a Behavioural Method Based on Entropy}},
year = {2008}
}

@article{Bonfiglio2009Detailed,
author = {Bonfiglio, Dario and Mellia, Marco and Meo, Michela and Rossi, Dario},
doi = {10.1109/TMM.2008.2008927},
issn = {1520-9210},
journal = {IEEE Transactions on Multimedia},
month = {jan},
number = {1},
pages = {117--127},
title = {{Detailed Analysis of Skype Traffic}},
volume = {11},
year = {2009}
}

@inproceedings{Perenyi2007Skype,
author = {Perenyi, Marcell and Gefferth, Andras and Dang, Trang Dinh and Molnar, Sandor},
booktitle = {IEEE GLOBECOM- IEEE Global Telecommunications Conference},
doi = {10.1109/GLOCOM.2007.81},
isbn = {978-1-4244-1042-2},
month = {nov},
pages = {399--404},
publisher = {IEEE},
title = {{Skype Traffic Identification}},
year = {2007}
}

@inproceedings{DeCicco2008mathematical,
author = {{De Cicco}, Luca and Mascolo, Saverio and Palmisano, Vittorio},
booktitle = {Decision and Control, CDC. 47th IEEE Conference on},
doi = {10.1109/CDC.2008.4739324},
isbn = {0191-2216 VO -},
pages = {1410--1415},
publisher = {Ieee},
title = {{A mathematical model of the Skype VoIP congestion control algorithm}},
year = {2008}
}

@book{Olofsson2012Probability,
author = {Olofsson, Peter and Andersson, Mikael},
isbn = {9781118231302},
month = {apr},
pages = {575},
publisher = {John Wiley {\&} Sons},
title = {{Probability, Statistics, and Stochastic Processes}},
year = {2012}
}

@inproceedings{Kadloor2012Mitigating,
author = {Kadloor, Sachin and Kiyavash, Negar and Venkitasubramaniam, Parv},
booktitle = {2012 Proceedings IEEE INFOCOM},
doi = {10.1109/INFCOM.2012.6195460},
isbn = {978-1-4673-0775-8},
month = mar,
pages = {1044--1052},
publisher = {IEEE},
title = {{Mitigating timing based information leakage in shared schedulers}},
year = {2012}
}


@article{Kadloor2013Preventing,
author = {Kadloor, Sachin and Venkitasubramaniam, Parv and Kiyavash, Negar},
doi = {10.1109/MSP.2013.2261131},
issn = {1053-5888},
journal = {IEEE Signal Processing Magazine},
month = sep,
number = {5},
pages = {76--85},
title = {{Preventing Timing Analysis in Networks: A Statistical Inference Perspective}},
volume = {30},
year = {2013}
}

@incollection{Shmatikov2006Timing,
author = {Shmatikov, Vitaly and Wang, Ming-Hsiu},
booktitle = {Computer Security – ESORICS SE - 2},
doi = {10.1007/11863908\_2},
isbn = {978-3-540-44601-9},
pages = {18--33},
publisher = {Springer Berlin Heidelberg},
series = {Lecture Notes in Computer Science},
title = {{Timing Analysis in Low-Latency Mix Networks: Attacks and Defenses}},
volume = {4189},
year = {2006}
}

@INPROCEEDINGS{Sengupta2014Secure, 
author={Sengupta, A. and Tandon, R. and Clancy, T.C.}, 
booktitle={Wireless Communications, Vehicular Technology, Information Theory and Aerospace Electronic Systems (VITAE), 2014 4th International Conference on}, 
title={Secure caching with non-uniform demands}, 
year={2014}, 
month={May}, 
pages={1-5}
}

@INPROCEEDINGS{Abbani2013Achieving, 
author={Abbani, N. and Artail, H.}, 
booktitle={Computer Communications and Networks (ICCCN), 22nd International Conference on}, 
title={Achieving Privacy of Data Requests in MANETs by Means of Piggybacking and Hop Modification}, 
year={2013}, 
month={July}, 
pages={1-9}
}

@inproceedings{Amini2011Caching,
 author = {Amini, Shahriyar and Lindqvist, Janne and Hong, Jason and Lin, Jialiu and Toch, Eran and Sadeh, Norman},
 title = {Cach\&\#233;: Caching Location-enhanced Content to Improve User Privacy},
 booktitle = {Proceedings of the 9th International Conference on Mobile Systems, Applications, and Services},
 series = {MobiSys '11},
 year = {2011},
 pages = {197--210},
 publisher = {ACM},
 address = {New York, NY, USA},
}

@book{guizani2015future,
  title={The Future of Wireless Networks: Architectures, Protocols, and Services},
  author={Guizani, M. and Chen, H.H. and Wang, C.},
  isbn={9781482220957},
  series={Wireless Networks and Mobile Communications},
  year={2015},
  publisher={CRC Press}
}

@book{mason2014sensing,
  title={Sensing Technology: Current Status and Future Trends III},
  author={Mason, A. and Mukhopadhyay, S.C. and Jayasundera, K.P.},
  isbn={9783319109480},
  series={Smart Sensors, Measurement and Instrumentation},
  year={2014},
  publisher={Springer International Publishing}
}

@article{finamore2010kiss,
  title={Kiss: Stochastic packet inspection classifier for udp traffic},
  author={Finamore, Alessandro and Mellia, Marco and Meo, Michela and Rossi, Dario},
  journal={Networking, IEEE/ACM Transactions on},
  volume={18},
  number={5},
  pages={1505--1515},
  year={2010},
  publisher={IEEE}
}


@INPROCEEDINGS{maddahali2014coded, 
author={Niesen, U. and Maddah-Ali, M.A.}, 
booktitle={Computer Communications Workshops (INFOCOM WKSHPS), IEEE Conference on}, 
title={Coded caching with nonuniform demands}, 
year={2014}, 
month={April}, 
pages={221-226}, 
}

@ARTICLE{maddahali2014networkindece, 
author={Maddah-Ali, M.A. and Niesen, U.}, 
journal={Networking, IEEE/ACM Transactions on}, 
title={Decentralized Coded Caching Attains Order-Optimal Memory-Rate Tradeoff}, 
year={2014}, 
volume={PP}, 
number={99}
}

@INPROCEEDINGS{Karamchandani2014Hierarchical, 
author={Karamchandani, N. and Niesen, U. and Maddah-Ali, M.A. and Diggavi, S.}, 
booktitle={Information Theory (ISIT), 2014 IEEE International Symposium on}, 
title={Hierarchical coded caching}, 
year={2014}, 
month={June}, 
pages={2142-2146}
}


@article{Wang1999Survey,
 author = {Wang, Jia},
 title = {A Survey of Web Caching Schemes for the Internet},
 journal = {SIGCOMM Comput. Commun. Rev.},
 volume = {29},
 number = {5},
 month = {oct},
 year = {1999},
 pages = {36--46}
} 

@INPROCEEDINGS{Bommaiah2000Design, 
author={Bommaiah, E. and Guo, K. and Hofmann, M. and Paul, S.}, 
booktitle={Real-Time Technology and Applications Symposium, 2000. RTAS 2000. Proceedings. Sixth IEEE}, 
title={Design and implementation of a caching system for streaming media over the Internet}, 
year={2000}, 
month={}, 
pages={111-121}
}


@article{kleinrock1967queueing,
author = {Kleinrock, Leonard and Finkelstein, Roy P},
journal = {Operations Research},
number = {1},
pages = {104--116},
title = {{Time Dependent Priority Queues}},
volume = {15},
year = {1967}
}


@book{ram2010engineering,
author = {Ram, B},
isbn = {9788131726914},
publisher = {Pearson Education},
title = {{Engineering Mathematics}},
year = {2010}
}

@article{kleinrock1967time,
  title={Time dependent priority queues},
  author={Kleinrock, Leonard and Finkelstein, Roy P},
  journal={Operations Research},
  volume={15},
  number={1},
  pages={104--116},
  year={1967},
  publisher={INFORMS}
}

@book{bassett2000statistics,
  title={Statistics: Problems and Solutions},
  author={Bassett, E.E.},
  isbn={9789810243210},
  url={https://books.google.com/books?id=GMIa\_8ZGX9kC},
  year={2000},
  publisher={World Scientific}
}

@book{Bolch1998Queueing,
  title={Queueing Networks and Markov Chains: Modeling and Performance Evaluation with Computer Science Applications},
  author={Bolch, G. and Greiner, S. and de Meer, H. and Trivedi, K.S.},
  isbn={9780471791560},
  url={https://books.google.com/books?id=8Mei8w6YUHYC},
  year={2006},
  publisher={Wiley}
}

@book{rheinboldt1998methods,
  title={Methods for Solving Systems of Nonlinear Equations: Second Edition},
  author={Rheinboldt, W.C.},
  isbn={9780898714159},
  series={CBMS-NSF Regional Conference Series in Applied Mathematics},
  url={https://books.google.com/books?id=1VhYoTnWef4C},
  year={1998},
  publisher={Society for Industrial and Applied Mathematics}
}

@book{fauci2008harrison,
  title={Harrison's Principles of Internal Medicine, 17th Edition},
  author={Fauci, A.S. and Braunwald, E. and Kasper, D.L. and Hauser, S. and Longo, D. and Jameson, J.L. and Loscalzo, J.},
  isbn={9780071641142},
  series={McGraw Hill professional},
  url={https://books.google.com/books?id=\_YqKAwAAQBAJ},
  year={2008},
  publisher={McGraw-Hill Education}
}

@book{cooper2004cecil,
  title={Cecil Review of General Internal Medicine},
  author={Cooper, J.A.D. and Pappas, P.G.},
  isbn={9781416000235},
  series={Cecil Medicine Series},
  url={https://books.google.com/books?id=n\_1LAQAAIAAJ},
  year={2004},
  publisher={Elsevier Saunders}
}

@book{kobayashi2009system,
author = {Kobayashi, H and Mark, B L},
publisher = {Pearson Prentice Hall},
title = {{System Modeling and Analysis: Foundations of System Performance Evaluation}},
year = {2009}
}

@inproceedings{varga2001omnet++,
  title={The {OMNeT++} discrete event simulation system},
  author={Varga, A. and others},
  booktitle={Proc. of European Simulation Multiconference},
  volume={9},
  year={2001}
}

@misc{castalia,
author={Boulis},
  title = {Castalia, a simulator for wireless sensor networks and body area networks},
  howpublished = {\url{http://castalia.npc.nicta.com.au/}},
  note = {Accessed: 29/10/2012}
}


