@article{GSMA2024MobileEconomy,
author = {GSMA},
journal = {[Online], Available: https://www.gsma.com/solutions-and-impact/connectivity-for-good/mobile-economy/wp-content/uploads/2024/02/260224-The-Mobile-Economy-2024.pdf},
title = {{The Mobile Economy 2024}},
year = {2024}
}

@article{globenewswire2019,
author = {Globenewswire},
journal = {[Online], Available: https://www.globenewswire.com/news-release/2019/03/20/1758189/0/en/LTE-Achieves-4-Billion-Connections-Worldwide-at-end-of-2018-47-of-all-Cellular-Connections.html},
title = {{LTE Achieves 4 Billion Connections Worldwide at end of 2018 — 47{\%} of all Cellular Connections}},
year = {2019}
}

@inproceedings{silalahi2021improvement,
  title={Improvement of Quality and Signal Coverage LTE in Bali Province Using Drive Test Method},
  author={Silalahi, Lukman Medriavin and Budiyanto, Setiyo and Silaban, Freddy Artadima and Simanjuntak, Imelda Uli Vistalina and Rochendi, Agus Dendi},
  booktitle={2021 International Seminar on Intelligent Technology and Its Applications (ISITIA)},
  pages={376--380},
  year={2021},
  organization={IEEE}
}

@article{Sousa2021Analysis,
  author={Sousa, Marco and Alves, André and Vieira, Pedro and Queluz, Maria Paula and Rodrigues, António},
  journal={IEEE Access}, 
  title={Analysis and Optimization of 5G Coverage Predictions Using a Beamforming Antenna Model and Real Drive Test Measurements}, 
  year={2021},
  volume={9},
  number={},
  pages={101787-101808},
  doi={10.1109/ACCESS.2021.3097633}
}

@inproceedings{charoenlap2016prediction,
  title={Prediction of interference areas for 3G network based on drive test and throughput data},
  author={Charoenlap, Seksan and Uthansakul, Peerapong},
  booktitle={2016 13th International Conference on Electrical Engineering/Electronics, Computer, Telecommunications and Information Technology (ECTI-CON)},
  pages={1--5},
  year={2016},
  organization={IEEE}
}

@inproceedings{Aprillia2020RF,
  author={Aprillia, Olivia Monica and Saragih, Yuliarman and Lammada, Ibrahim and Agatha, Elisabet S. and Wijaya, Anta and Nhu Van, Nguyen Thi},
  booktitle={2020 3rd International Conference on Mechanical, Electronics, Computer, and Industrial Technology (MECnIT)}, 
  title={RF 4G Network Performance Result Based on Android Drive Test Collection Tools Automatically Extracted by Yaiao Application at the Universitas Singaperbangsa Karawang Case Study}, 
  year={2020},
  volume={},
  number={},
  pages={291-295},
  keywords={Radio frequency;Cellular networks;Quality of service;Interference;Drives;Stability analysis;Communications technology;4G LTE;Universitas Singaperbangsa Karawang;RxQual;RSRQ;RSSI},
  doi={10.1109/MECnIT48290.2020.9166673}
}


