@misc{R,
mendeley-groups = {Pejohesh/Wikipedia},
title = {{HE}},
  howpublished = "\url{http://en.wikipedia.org/wiki/Universal\_Subscriber\_Identity\_Module_Subscriber\_Identity\_Module_Subscriber\_Identity\_Module\#USIM/}"
}

@misc{T,
  author = {Ingo LÃ¼tkebohle},
  title = {{BWorld Robot Control Software}},
  howpublished = "\url{http://aiweb.techfak.uni-bielefeld.de/content/bworld-robot-control-software/}",
  year = {2008}, 
  note = "[Online; accessed 19-July-2008]"
}