@article{saeed2020convolutional,
	title={Convolutional neural network based early fire detection},
	author={Saeed, Faisal and Paul, Anand and Karthigaikumar, P and Nayyar, Anand},
	journal={Multimedia Tools and Applications},
	volume={79},
	pages={9083--9099},
	year={2020},
	publisher={Springer}
}

@book{Rumney2013LTE,
author = {Rumney, Moray},
booktitle = {LTE and the Evolution to 4G Wireless: Design and Measurement Challenges: Second Edition},
doi = {10.1002/9781118799475},
edition = {2},
isbn = {9781118799475},
pages = {1--626},
publisher = {John Wiley {\&} Sons},
title = {{LTE and the Evolution to 4G Wireless: Design and Measurement Challenges: Second Edition}},
year = {2013}
}

